@incollection{gsis2,
year={2010},
isbn={978-3-642-14705-0},
booktitle={Computer Network Security},
volume={6258},
series={Lecture Notes in Computer Science},
editor={Kotenko, Igor and Skormin, Victor},
doi={10.1007/978-3-642-14706-7_5},
title={Group-Centric Models for Secure and Agile Information Sharing},
url={http://dx.doi.org/10.1007/978-3-642-14706-7_5},
publisher={Springer Berlin Heidelberg},
keywords={DAC; Groups; LBAC; MAC; RBAC; Secure Information Sharing},
author={Sandhu, Ravi and Krishnan, Ram and Niu, Jianwei and Winsborough, WilliamH.},
pages={55-69},
language={English}
}


@inproceedings{gsis1,
 author = {Krishnan, Ram and Sandhu, Ravi and Niu, Jianwei and Winsborough, William H.},
 title = {Foundations for Group-centric Secure Information Sharing Models},
 booktitle = {Proceedings of the 14th ACM Symposium on Access Control Models and Technologies},
 series = {SACMAT '09},
 year = {2009},
 isbn = {978-1-60558-537-6},
 location = {Stresa, Italy},
 pages = {115--124},
 numpages = {10},
 url = {http://doi.acm.org/10.1145/1542207.1542227},
 doi = {10.1145/1542207.1542227},
 acmid = {1542227},
 publisher = {ACM},
 address = {New York, NY, USA},
 keywords = {groups, linear temporal logic, security properties},
} 

@INPROCEEDINGS{dte,
author={Badger, L. and Sterne, D.F. and Sherman, D.L. and Walker, K.M. and Haghighat, S.A.},
booktitle={Security and Privacy, 1995. Proceedings., 1995 IEEE Symposium on},
title={Practical Domain and Type Enforcement for UNIX},
year={1995},
month={May},
pages={66-77},
keywords={Unix;authorisation;costing;database management systems;security of data;DTE policies;DTE policy database;Domain and Type Enforcement;UNIX;administrative costs;compatibility;cost effective security;file security attribute associations;file security attributes;high-level language;human-readable format;security-enhanced systems;security-specific low-level data formats;system execution;table-oriented mandatory access control;type enforcement;Access control;Control systems;Costs;Data security;Databases;High level languages;Information systems;Operating systems;Prototypes;Runtime},
doi={10.1109/SECPRI.1995.398923},}

@article{lbac1,
 author = {Denning, Dorothy E.},
 title = {A Lattice Model of Secure Information Flow},
 journal = {Commun. ACM},
 issue_date = {May 1976},
 volume = {19},
 number = {5},
 month = may,
 year = {1976},
 issn = {0001-0782},
 pages = {236--243},
 numpages = {8},
 url = {http://doi.acm.org/10.1145/360051.360056},
 doi = {10.1145/360051.360056},
 acmid = {360056},
 publisher = {ACM},
 address = {New York, NY, USA},
 keywords = {information flow, lattice, program certification, protection, security, security class},
} 

@ARTICLE{lbac2,
author={Sandhu, R.S.},
journal={Computer},
title={Lattice-based access control models},
year={1993},
month={Nov},
volume={26},
number={11},
pages={9-19},
keywords={authorisation;Bell-LaPadula model;Biba model;Chinese Wall policy;duality;lattice-based access control models;military information;military lattice;Access control;Availability;Command and control systems;Computer security;Context modeling;Data security;Information security;Information systems;Missiles;Remuneration},
doi={10.1109/2.241422},
ISSN={0018-9162},}

@article{ferraiolo2001proposed,
  title={Proposed NIST standard for role-based access control},
  author={Ferraiolo, David F and Sandhu, Ravi and Gavrila, Serban and Kuhn, D Richard and Chandramouli, Ramaswamy},
  journal={ACM Transactions on Information and System Security (TISSEC)},
  volume={4},
  number={3},
  pages={224--274},
  year={2001},
  publisher={ACM}
}

@article{Sandhu96,
 author = {Sandhu, Ravi S. and Coyne, Edward J. and Feinstein, Hal L. and Youman, Charles E.},
 title = {Role-Based Access Control Models},
 journal = {Computer},
 issue_date = {February 1996},
 volume = {29},
 number = {2},
 month = feb,
 year = {1996},
 issn = {0018-9162},
 pages = {38--47},
 numpages = {10},
 url = {http://dx.doi.org/10.1109/2.485845},
 doi = {10.1109/2.485845},
 acmid = {226710},
 publisher = {IEEE Computer Society Press},
 address = {Los Alamitos, CA, USA},
} 

@book{t01_buch1,
 author    = {Kurt G{\"o}del},
 title     = {Titel},
 publisher = {Verlag},
 year      = 1957
}

@book{t01_beethoven,
 author    = {Ludwig van Beethoven},
 title     = {Titel},
 publisher = {Verlag},
 year      = 1812
}

@book{t01_mcdysan,
	author	  = {David E. McDysan and Darren L. Spohn},
	title	  = {ATM: Theory and Application},
	publisher = {McGraw-Hill},
	address	  = {New York},
	year	  = 1995
}

@inbook{t01_sloman,
  author =       {David Hutchison and
                  Geoff Coulson and
                  Andrew Campbell and 
                  Gordon S. Blair},
  title =        {Quality of Service Management in Distributed Systems},
  booktitle =    {Network and Distributed Systems Management},
  chapter =      11,
  publisher =    {Addison Wesley},
  year =         1994,
  note =         {Editor: Morris Sloman},
  pages =        {273--302}
}

@techreport{t01_techrep1,
	editor      = {The {ATM} Forum},
        institution = {The {E}uropean {M}arket {A}wareness {C}ommittee},
	title	    = {{ATM} Service Categories: The Benefits to the User},
        type        = {{W}hite {P}aper},
	month	    = may,
	year	    = 1996
}




@incollection{t01_ref2,
 author    = {Autor},
 title     = {Titel},
 booktitle = {Buchtitel},
 publisher = {Verlag},
 year      = 1994
}

@article{t01_ref3,
 author  = {Autor},
 title   = {Titel},
 journal = {Journaltitel},
 year    = 1993,
 volume  = {Nummer des Jahrgangs},
 number  = {Nummer der Ausgabe},
 pages   = {Seitenzahlen},
 month   = dec
}

@Misc{t01_qosr,
 author  = {E. Crawley and R. Nair and B. Rajagopalan and H. Sandick},
 title   = {A Framework for QoS-based Routing in the Internet},
 howpublished = {RFC 2386 (Informational)},
 organization = {IETF},
 year    = 1998,
 month   = aug
}

@Article{t01_JSAC96,
  author =       {Gerold Blakowski and Ralf Steinmetz},
  title =        {A Media Synchronization Survey: Reference Model, 
                  Specification, and Case Studies},
  journal =      {IEEE Journal on Selected Areas in Communication},
  year =         1996,
  volume =       14,
  number =       1,
  month =        jan,
  pages =        {5--35}
}

@Manual{TB98,
  title =        {Technische Beschreibung f"ur System 4711},
  author =       {Fred Stenz and Willi Weich and Dieter Drollig and 
                  Kurt Klein and Guenter Ganz},
  year =         1998
}

@Proceedings{stenz85:_about_time,
  title =        {About Time},
  year =         1985,
  editor =       {Fred Stenz and Willi Weich and Dieter Drollig}
}

